1] {1992Natur.355..145W,
       author = {{Wolszczan}, A. and {Frail}, D.~A.},
        title = "{A planetary system around the millisecond pulsar PSR1257 + 12}",
      journal = {nat},
     keywords = {Binary Stars, Extrasolar Planets, Orbital Mechanics, Planetary Systems, Pulsars, Accretion Disks, Least Squares Method, Neutron Stars, Radio Astronomy, Supernova Remnants, Astrophysics},
         year = 1992,
        month = jan,
       volume = {355},
       number = {6356},
        pages = {145-147},
          doi = {10.1038/355145a0},
       adsurl = {https://ui.adsabs.harvard.edu/abs/1992Natur.355..145W},
      adsnote = {Provided by the SAO/NASA Astrophysics Data System}

      
}

[2] Mayor, M., Queloz, D. A Jupiter-mass companion to a solar-type star. Nature 378, 355â€“359 (1995). https://doi.org/10.1038/378355a0


[3] School of Physics and Astrophysics - University of Glasgow, 
Detecting Extrasolar Planets, Astronomy 2 Lab Script, 2022-2023, 9th November 2022